<collection xmlns="http://www.loc.gov/MARC21/slim"><record><leader>00997nam  2200289   450</leader><controlfield tag="001"/><controlfield tag="005">20</controlfield><datafield tag="010" ind1=" " ind2=" "><subfield code="a">972-570-144-5</subfield></datafield><datafield tag="021" ind1=" " ind2=" "><subfield code="a">PT</subfield><subfield code="b">79792/94</subfield></datafield><datafield tag="100" ind1=" " ind2=" "><subfield code="a">20131031d1994 b y0pory0103 ba</subfield></datafield><datafield tag="101" ind1="1" ind2=" "><subfield code="a">por</subfield></datafield><datafield tag="102" ind1=" " ind2=" "><subfield code="a">PT</subfield></datafield><datafield tag="200" ind1="1" ind2=" "><subfield code="a">&lt;A &gt;raposa e a galinha</subfield><subfield code="f">recontado por Judy Hamilton</subfield><subfield code="g">il. R. James Binnie</subfield><subfield code="g">trad. Ivette Colaço</subfield></datafield><datafield tag="210" ind1=" " ind2=" "><subfield code="a">Lisboa</subfield><subfield code="c">Replicação</subfield><subfield code="d">1994</subfield></datafield><datafield tag="215" ind1=" " ind2=" "><subfield code="a">[28] p.</subfield><subfield code="c">il.</subfield><subfield code="d">18 cm</subfield></datafield><datafield tag="225" ind1="2" ind2=" "><subfield code="a">Livros aranhiço</subfield><subfield code="v">144</subfield></datafield><datafield tag="317" ind1=" " ind2=" "><subfield code="a">Oferecido por D. teresa Gomes</subfield></datafield><datafield tag="608" ind1=" " ind2=" "><subfield code="a">Literatura infantil e juvenil</subfield><subfield code="2">Autoridade</subfield><subfield code="3">PT9999-00-10-2009040123590005446</subfield></datafield><datafield tag="608" ind1=" " ind2=" "><subfield code="a">Conto</subfield><subfield code="2">Autoridade</subfield><subfield code="3">PT9999-00-10-2009040123590005380</subfield></datafield><datafield tag="675" ind1=" " ind2=" "><subfield code="a">087.5</subfield></datafield><datafield tag="675" ind1=" " ind2=" "><subfield code="a">82-34</subfield></datafield><datafield tag="700" ind1=" " ind2="1"><subfield code="a">Hamilton</subfield><subfield code="b">Judy</subfield></datafield><datafield tag="702" ind1=" " ind2="1"><subfield code="a">Binnie</subfield><subfield code="b">R. James</subfield><subfield code="4">440</subfield></datafield><datafield tag="702" ind1=" " ind2="1"><subfield code="a">Colaço</subfield><subfield code="b">Ivette</subfield><subfield code="4">730</subfield></datafield><datafield tag="801" ind1=" " ind2="0"><subfield code="a">PT</subfield><subfield code="b">Biblioteca Municipal de Montalegre</subfield><subfield code="g">RPC</subfield></datafield><datafield tag="856" ind1=" " ind2=" "><subfield code="u">locateMedia.aspx?cod=20131031150228&amp;ext=jpg</subfield><subfield code="z">CAPA</subfield></datafield><datafield tag="909" ind1="&#9;" ind2=" "><subfield code="a">1</subfield></datafield><datafield tag="966" ind1=" " ind2=" "><subfield code="a">0019677</subfield><subfield code="l">BMM</subfield><subfield code="s">SI 82-34 HAM rap 144</subfield></datafield></record></collection>